<?xml version="1.0" encoding="UTF-8"?>
<collection xmlns:xsi="http://www.w3.org/2001/XMLSchema-instance" xsi:schemaLocation="http://www.loc.gov/MARC21/slim http://www.loc.gov/standards/marcxml/schema/MARC21slim.xsd" xmlns="http://www.loc.gov/MARC21/slim">
<record>
  <leader>00796cam a22002531a 4500</leader>
  <controlfield tag="001">3073631</controlfield>
  <controlfield tag="003">NNC</controlfield>
  <controlfield tag="005">20130520200903.0</controlfield>
  <controlfield tag="008">000915s1963    iq            000 0 arard</controlfield>
  <datafield tag="035" ind1=" " ind2=" ">
    <subfield code="a">(OCoLC)40970136</subfield>
  </datafield>
  <datafield tag="035" ind1=" " ind2=" ">
    <subfield code="a">(OCoLC)ocm40970136</subfield>
  </datafield>
  <datafield tag="035" ind1=" " ind2=" ">
    <subfield code="9">ATP6764CU</subfield>
  </datafield>
  <datafield tag="035" ind1=" " ind2=" ">
    <subfield code="a">(NNC)3073631</subfield>
  </datafield>
  <datafield tag="035" ind1=" " ind2=" ">
    <subfield code="a">3073631</subfield>
  </datafield>
  <datafield tag="040" ind1=" " ind2=" ">
    <subfield code="a">IUL</subfield>
    <subfield code="c">IUL</subfield>
    <subfield code="d">ZCU</subfield>
  </datafield>
  <datafield tag="050" ind1=" " ind2="4">
    <subfield code="a">QM81</subfield>
    <subfield code="b">.Z212</subfield>
  </datafield>
  <datafield tag="099" ind1=" " ind2=" ">
    <subfield code="a">893.73</subfield>
    <subfield code="a">Y13</subfield>
  </datafield>
  <datafield tag="100" ind1="1" ind2=" ">
    <subfield code="a">Zajjāj, Abū Isḥāq Ibrāhīm ibn al-Sarī,</subfield>
    <subfield code="d">-923.</subfield>
  </datafield>
  <datafield tag="245" ind1="1" ind2="0">
    <subfield code="a">Khalq al-insān /</subfield>
    <subfield code="c">Abī Isḥāq al-Zajjāj ; taḥqīq Ibrāhīm al-Sāmarrāʾī.</subfield>
  </datafield>
  <datafield tag="260" ind1=" " ind2=" ">
    <subfield code="a">[Baghdād] :</subfield>
    <subfield code="b">al-Maṭbaʻat al-Majmaʻ al-ʻIlmī al-ʻIrāqī,</subfield>
    <subfield code="c">1963.</subfield>
  </datafield>
  <datafield tag="300" ind1=" " ind2=" ">
    <subfield code="a">52 p.</subfield>
  </datafield>
  <datafield tag="650" ind1=" " ind2="0">
    <subfield code="a">Human anatomy</subfield>
    <subfield code="v">Terminology.</subfield>
  </datafield>
  <datafield tag="700" ind1="1" ind2=" ">
    <subfield code="a">Sāmarrāʼī, Ibrāhīm.</subfield>
  </datafield>
  <datafield tag="955" ind1=" " ind2=" ">
    <subfield code="b">0040267369</subfield>
    <subfield code="d">glx</subfield>
    <subfield code="e">893.73 Y13</subfield>
  </datafield>
</record>
</collection>